@inproceedings{lin2011class,
  title={A class of submodular functions for document summarization},
  author={Lin, Hui and Bilmes, Jeff},
  booktitle={Proceedings of the 49th Annual Meeting of the Association for Computational Linguistics: Human Language Technologies-Volume 1},
  pages={510--520},
  year={2011},
  organization={Association for Computational Linguistics}
}

@inproceedings{gridchyn2013potts,
  title={Potts model, parametric maxflow and k-submodular functions},
  author={Gridchyn, Igor and Kolmogorov, Vladimir},
  booktitle={Proceedings of the IEEE International Conference on Computer Vision},
  pages={2320--2327},
  year={2013}
}

@article{mccormick2005submodular,
  title={Submodular function minimization},
  author={McCormick, S Thomas},
  journal={Discrete Optimization},
  volume={12},
  pages={321--391},
  year={2005},
  publisher={Handbooks in Operations Research}
}
@article{gowda2011cauchy,
  title={The Cauchy interlacing theorem in simple Euclidean Jordan algebras and some consequences},
  author={Gowda, M Seetharama and Tao, J},
  journal={Linear and Multilinear Algebra},
  volume={59},
  number={1},
  pages={65--86},
  year={2011},
  publisher={Taylor \& Francis}
}

@article{das2011submodular,
  title={Submodular meets spectral: Greedy algorithms for subset selection, sparse approximation and dictionary selection},
  author={Das, Abhimanyu and Kempe, David},
  journal={arXiv preprint arXiv:1102.3975},
  year={2011}
}

@inproceedings{bian2017guarantees,
  title={Guarantees for greedy maximization of non-submodular functions with applications},
  author={Bian, Andrew An and Buhmann, Joachim M and Krause, Andreas and Tschiatschek, Sebastian},
  booktitle={Proceedings of the 34th International Conference on Machine Learning-Volume 70},
  pages={498--507},
  year={2017},
  organization={JMLR. org}
}
@incollection{lovasz1983submodular,
  title={Submodular functions and convexity},
  author={Lov{\'a}sz, L{\'a}szl{\'o}},
  booktitle={Mathematical Programming The State of the Art},
  pages={235--257},
  year={1983},
  publisher={Springer}
}

@inproceedings{zhou2009thresholding,
  title={Thresholding procedures for high dimensional variable selection and statistical estimation},
  author={Zhou, Shuheng},
  booktitle={Advances in Neural Information Processing Systems},
  pages={2304--2312},
  year={2009}
}

@inproceedings{swirszcz2009grouped,
  title={Grouped orthogonal matching pursuit for variable selection and prediction},
  author={Swirszcz, Grzegorz and Abe, Naoki and Lozano, Aurelie C},
  booktitle={Advances in Neural Information Processing Systems},
  pages={1150--1158},
  year={2009}
}
@article{zhang2009consistency,
  title={On the consistency of feature selection using greedy least squares regression},
  author={Zhang, Tong},
  journal={Journal of Machine Learning Research},
  volume={10},
  number={Mar},
  pages={555--568},
  year={2009}
}
@inproceedings{gilbert2003approximation,
  title={Approximation of functions over redundant dictionaries using coherence},
  author={Gilbert, Anna C and Muthukrishnan, Shanmugavelayutham and Strauss, Martin J},
  booktitle={Proceedings of the fourteenth annual ACM-SIAM symposium on Discrete algorithms},
  pages={243--252},
  year={2003},
  organization={Society for Industrial and Applied Mathematics}
}

@article{nemhauser1978analysis,
  title={An analysis of approximations for maximizing submodular set functions—I},
  author={Nemhauser, George L and Wolsey, Laurence A and Fisher, Marshall L},
  journal={Mathematical programming},
  volume={14},
  number={1},
  pages={265--294},
  year={1978},
  publisher={Springer}
}

@article{tropp2006just,
  title={Just relax: Convex programming methods for identifying sparse signals in noise},
  author={Tropp, Joel A},
  journal={IEEE transactions on information theory},
  volume={52},
  number={3},
  pages={1030--1051},
  year={2006},
  publisher={IEEE}
}

@article{miller2002subset,
  title={Subset Selection in Regression, Chapman and Hall, CRC},
  author={Miller, AJ},
  journal={Florida.},
  year={2002}
}

@article{tropp2004greed,
  title={Greed is good: Algorithmic results for sparse approximation},
  author={Tropp, Joel A},
  journal={IEEE Transactions on Information theory},
  volume={50},
  number={10},
  pages={2231--2242},
  year={2004},
  publisher={IEEE}
}

@article{obozinski2012convex,
  title={Convex relaxation for combinatorial penalties},
  author={Obozinski, Guillaume and Bach, Francis},
  journal={arXiv preprint arXiv:1205.1240},
  year={2012}
}

@article{tibshirani1996regression,
  title={Regression shrinkage and selection via the lasso},
  author={Tibshirani, Robert},
  journal={Journal of the Royal Statistical Society: Series B (Methodological)},
  volume={58},
  number={1},
  pages={267--288},
  year={1996},
  publisher={Wiley Online Library}
}

@article{candes2006stable,
  title={Stable signal recovery from incomplete and inaccurate measurements},
  author={Candes, Emmanuel J and Romberg, Justin K and Tao, Terence},
  journal={Communications on Pure and Applied Mathematics: A Journal Issued by the Courant Institute of Mathematical Sciences},
  volume={59},
  number={8},
  pages={1207--1223},
  year={2006},
  publisher={Wiley Online Library}
}

@article{grotschel1981ellipsoid,
  title={The ellipsoid method and its consequences in combinatorial optimization},
  author={Gr{\"o}tschel, Martin and Lov{\'a}sz, L{\'a}szl{\'o} and Schrijver, Alexander},
  journal={Combinatorica},
  volume={1},
  number={2},
  pages={169--197},
  year={1981},
  publisher={Springer}
}



@inproceedings{krause2010submodular,
  title={Submodular dictionary selection for sparse representation},
  author={Krause, Andreas and Cevher, Volkan},
  booktitle={International Conference on Machine Learning (ICML)},
  year={2010}
}
@article{coutino2018submodular,
  title={Submodular sparse sensing for gaussian detection with correlated observations},
  author={Coutino, Mario and Chepuri, Sundeep Prabhakar and Leus, Geert},
  journal={IEEE Transactions on Signal Processing},
  volume={66},
  number={15},
  pages={4025--4039},
  year={2018},
  publisher={IEEE}
}

@inproceedings{das2008algorithms,
  title={Algorithms for subset selection in linear regression},
  author={Das, Abhimanyu and Kempe, David},
  booktitle={Proceedings of the fortieth annual ACM symposium on Theory of computing},
  pages={45--54},
  year={2008}
}
@inproceedings{chen2008np,
  title={NP-hard problems of learning from examples},
  author={Chen, Bin and Quan, Guangri},
  booktitle={2008 Fifth International Conference on Fuzzy Systems and Knowledge Discovery},
  volume={2},
  pages={182--186},
  year={2008},
  organization={IEEE}
}
@article{zou2003correlation,
  title={Correlation and simple linear regression},
  author={Zou, Kelly H and Tuncali, Kemal and Silverman, Stuart G},
  journal={Radiology},
  volume={227},
  number={3},
  pages={617--628},
  year={2003},
  publisher={Radiological Society of North America}
}
@misc{boston,
  title = {{Data set from Kaggle competition} Boston housing},
  howpublished = {\url{https://www.kaggle.com/c/boston-housing}}
}
@article{vorontcov2007lectures,
  title={Лекции по методам оценивания и выбора моделей},
  author={Воронцов, КВ},
  journal={Режим доступа: http://www. Machi neLearning. ru},
  year={2007}
}
@book{montgomery2012introduction,
  title={Introduction to linear regression analysis},
  author={Montgomery, Douglas C and Peck, Elizabeth A and Vining, G Geoffrey},
  volume={821},
  year={2012},
  publisher={John Wiley \& Sons}
}
